@InProceedings{michel12:spatiotemporal,
 author = {J. Michel and C. Julien and J. Payton and G.-C. Roman},
 title = {A Spatiotemporal Model for Ephemeral Data in Pervasive Computing Networks},
 booktitle = {Proc. of PerHot},
 year = {2012},
 }

@Article{johnson96:dynamic,
  author = 	 {D.B. Johnson and D.A. Maltz},
  title = 	 {Dynamic Source Routing in Ad Hoc Wireless Networks},
  journal = 	 {Mobile Computing},
  year = 	 {1996},
  volume = 	 {353},
  pages = 	 {153--181},
}


@InProceedings{karp00:gpsr,
  author = 	 {B. Karp and H.T. Kung},
  title = 	 {{GPSR}: Greedy Perimeter Stateless Routing for Wireless Networks},
  booktitle =    {Proc. of MobiCom},
  year = 	 {2000},
}


@InProceedings{tian03:spatially,
  author =       {J. Tian and L. Han and K. Rothermel},
  title = 	 {Spatially Aware Packet Routing for Mobile Ad Hoc Inter-Vehicle Radio Networks},
  year = 	 {2003},
  booktitle =    {Proc. of ITS},
}


@InProceedings{jerbi07:improved,
  author = 	 {M. Jerbi and S.-M. Senouci and R. Meraihi and Y. Ghamri-Doudane},
  title = 	 {An Imrpoved Vehicular Routing Protocol for City Environments},
  booktitle =    {Proc. of ICC},
  year = 	 {2007},
}


@Article{cheng10:geodtn,
  author = 	 {P.C. Cheng and K.C. Lee and M. Gerla and J. H\"{a}rri},
  title = 	 {{GeoDTN+Nav}: Geographic {DTN} Routing with Navigator Prediction for Urban Vehicular Environments},
  journal = 	 {Mobile Networks and Applications},
  year = 	 {2010},
  volume = 	 {15},
  number = 	 {1},
  pages = 	 {61--82},
}

@Article{lochert05:geographic,
  author = 	 {C. Lochert and M. Mauve and H. F\"ussler and H. Hartenstein},
  title = 	 {Geographic Routing in City Scenarios},
  journal = 	 {ACM SIGMOBILE Mobile Computing and Communications Review},
  year = 	 {2005},
  volume = 	 {9},
  number = 	 {1},
  pages = 	 {69--72},
}

@InProceedings{basagni99:dynamic,
  author = 	 {S. Basagni and I. Chlamtac and V.R. Syrotiuk},
  title = 	 {Dynamic Source Routing for Ad Hoc Networks Using the Global Positioning System},
  booktitle =    {Proc. of WCNC},
  year = 	 {1999},
}

@Article{navas97:geocast,
  author = 	 {J.C. Navas and T. Imielinski},
  title = 	 {{GeoCast}: Geographic Addressing and Routing},
  booktitle = 	 {Proc. of MobiCom},
  year = 	 {1997},
}

@InProceedings{florian13:overdrive,
  author = 	 {M. Florian and S Andreev and I. Baumgart},
  title = 	 {{OverDrive}: An Overlay-Based Geocast Service for Smart Traffic Applications},
  booktitle =    {Proc. of MobiCom},
  year = 	 {2013},
}

@Article{kuiper11:geographical,
  author = 	 {E. Kuiper and S. Nadjm-Tehrani},
  title = 	 {Geographical Routing with Location Service in Intermittently Connected {MANETs}},
  journal = 	 {IEEE Trans. on Vehicular Technology},
  year = 	 {2011},
  volume = 	 {60},
  number = 	 {2},
  pages = 	 {592--604},
}

@Article{soares14:geospray,
  author = 	 {V. Soares and J. Rodrigues and F. Farahmand},
  title = 	 {{GeoSpray}: A Geographical Routing Protocol for Vehicular Delay-Tolerant Networks},
  journal = 	 {Information Fusion},
  year = 	 {2014},
  volume = 	 {15},
  pages = 	 {102--113},
}

@InProceedings{park12:position,
  author = 	 {H.-S. Park and J.-H. Jang and S.-H. Lee and J.-D. Kim},
  title = 	 {Position-Based {DTN} Routing in Metropolitan Bus Network},
  booktitle =    {Proc. of ICSAI},
  year = 	 {2012},
}

