@Misc{m4ri,
  key =		 {m4ri},
  title =	 {{M4RI(e)}},
  howpublished ={\url{http://m4ri.sagemath.org/}},
}

@INPROCEEDINGS{ChuYanXi09,
  author =	 {M. Chuah and P. Yang and Y. Xi},
  title =	 {How Mobility Models Affect The Design of Network
                  Coding Schemes for Disruption Tolerant Networks},
  booktitle =	 {Proc. of {NetCod}},
  year =	 2009
}

@inproceedings{Fal03,
  author =	 {Kevin R. Fall},
  title =	 {A delay-tolerant network architecture for challenged
                  internets},
  booktitle =	 {Proc. of SIGCOMM},
  year =	 2003
}

@INPROCEEDINGS{LinLiaLi07,
  author =	 {Y. Lin and B. Liang and B. Li},
  title =	 {Performance Modeling of Network Coding in Epidemic
                  Routing},
  booktitle =	 {Proc. of {MobiOpp}},
  year =	 2007
}

@inproceedings{Spy05,
  author =	 {T. Spyropoulos and K. Psounis and C. S. Raghavendra},
  title =	 {Spray and wait: an efficient routing scheme for
                  intermittently connected mobile networks},
  booktitle =	 {Proc. of WDTN},
  year =	 2005
}

@INPROCEEDINGS{Spy07,
  author =	 {T. Spyropoulos},
  title =	 {Spray and focus: Efficient mobility-assisted routing
                  for heterogeneous and correlated mobility},
  booktitle =	 {Proc. of ICMAN},
  year =	 2007
}

@inproceedings{Wang:Erasure05,
  author =	 {Wang, Yong and Jain, Sushant and Martonosi, Margaret
                  and Fall, Kevin},
  title =	 {Erasure-coding based routing for opportunistic
                  networks},
  booktitle =	 {Proc. of WDTN},
  year =	 2005,
  isbn =	 {1-59593-026-4},
  location =	 {Philadelphia, Pennsylvania, USA},
  pages =	 {229--236},
  numpages =	 8,
  url =		 {http://doi.acm.org/10.1145/1080139.1080140},
  doi =		 {http://doi.acm.org/10.1145/1080139.1080140},
  acmid =	 1080140,
  keywords =	 {delay tolerant network, erasure coding, routing},
}

@InProceedings{balasubramanian07:DTN,
  author =	 {A. Balasubramanian and B. Levine and
                  A. Venkataramani},
  title =	 {{DTN} Routing as a Resource Allocation Problem},
  booktitle =	 {Proc. of SIGCOMM},
  year =	 2007,
}

@InProceedings{boldrini07:hibop,
  author =	 {C. Boldrini and M. Conti and I. Iacopini and
                  A. Passarella},
  title =	 {{HiBOp}: A History Based Routing Protocol for
                  Opportunisitic Networks},
  booktitle =	 {Proc. of WoWMoM},
  year =	 2007,
}

@misc{dtn2,
  author =	 {{DTNRG}},
  title =	 {{DTN} Bundle Protocol Ref. Implm.},
  howpublished = {\url{http://www.dtnrg.org/wiki/Code}}
}

@Misc{externalrouting,
  key =		 {DTN external},
  title =	 {{DTN} external router interface},
  howpublished =
                  {\url{http://www.dtnrg.org/docs/code/DTN2/doc/external-router-interface.html}},
}

@InProceedings{harras05:delay,
  author =	 {K.A. Harras and K.C. Almeroth and
                  E.M. Belding-Royer},
  title =	 {Delay Tolerant Mobile Networks {(DTMNs)}: Controlled
                  Flooding in Sparse Mobile Networks},
  booktitle =	 {Proc. of Networking},
  pages =	 {1180--1192},
  year =	 2005,
  month =	 {May},
}

@Misc{hbsd,
  key =		 {HBSD},
  title =	 {{HBSD}: An External Router for {DTN2}},
  howpublished = {\url{http://planete.inria.fr/HBSD_DTN2}},
}

@Article{jain04:routing,
  author =	 {S. Jain and K. Fall and R. Patra},
  title =	 {Routing in a Delay Tolerant Network},
  journal =	 {ACM SIGCOMM Computer Comm. Rev.},
  year =	 2004,
  volume =	 34,
  number =	 4,
  pages =	 {145--158},
  month =	 {October},
}

@InProceedings{katti06:xors,
  author =	 {S. Katti and H. Rahul and W. Hu and D. Katabi and
                  M. Medard and J. Crowcroft},
  title =	 {{XORs} in the Air: Practical Wireless Network
                  Coding},
  booktitle =	 {Proc. of SIGCOMM},
  year =	 2006,
}

@InProceedings{lin08:efficient,
  author =	 {Y. Lin and B. Li and B. Liang},
  title =	 {Efficient Network Coded Data Transmissions in
                  Disruption Tolerant Networks},
  booktitle =	 {Proc. of Infocom},
  pages =	 {1508--1516},
  year =	 2008,
}

@InProceedings{lindgren04:probabilistic,
  author =	 {A. Lindgren and A. Doria and O. Schelen},
  title =	 {Probabilistic Routing in Intermittently Connected
                  Networks},
  booktitle =	 {Proc. of SAPIR},
  pages =	 {239--254},
  year =	 2004,
}

@Article{matsuda08:epidemic,
  author =	 {T. Matsuda and T. Takine},
  title =	 {{(p,q)-Epidemic} Routing for Sparsely Populated
                  Mobile Ad Hoc Networks},
  journal =	 {IEEE J. on Sel. Areas in Comm.},
  year =	 2008,
  volume =	 26,
  number =	 5,
  pages =	 {783--793},
  month =	 {June},
}

@Article{pentland04:daknet,
  author =	 {A. Pentland and R. Fletcher and A. Hasson},
  title =	 {{DakNet}: Rethinking Connectivity in Developing
                  Nations},
  journal =	 {IEEE Comp.},
  year =	 2004,
  volume =	 37,
  number =	 1,
  pages =	 {78--83},
  month =	 {January},
}

@misc{rfc5050,
  author =	 "K. Scott and S. Burleigh",
  title =	 "{Bundle Protocol Specification}",
  series =	 "Request for Comments",
  number =	 5050,
  howpublished = "RFC 5050 (Experimental)",
  publisher =	 "IETF",
  organization = "Internet Engineering Task Force",
  year =	 2007,
  month =	 nov,
  url =		 "http://www.ietf.org/rfc/rfc5050.txt",
}

@misc{rfc6258,
  author =	 "S. Symington",
  title =	 "{Delay-Tolerant Networking Metadata Extension
                  Block}",
  series =	 "Request for Comments",
  number =	 6258,
  howpublished = "RFC 6258 (Experimental)",
  publisher =	 "IRTF",
  organization = "Internet Research Task Force",
  year =	 2011,
  url =		 "http://www.ietf.org/rfc/rfc6258.txt",
}

@InProceedings{sengupta07:analysis,
  author =	 {S. Sengupta and S. Rayanchu and S. Banerjee},
  title =	 {An Analysis of Wireless Network Coding for Unicast
                  Sessions: The Case for Coding-Aware Routing},
  booktitle =	 {Proc. of Infocom},
  pages =	 {1028--1036},
  year =	 2007,
}

@InProceedings{widmer05:network,
  author =	 {J. Widmer and J.-Y. Le Boudec},
  title =	 {Network Coding for Efficient Communication in
                  Extreme Networks},
  booktitle =	 {Proc. of WDTN},
  year =	 2005,
}

@InProceedings{zhang06:benefits,
  author =	 {X. Zhang and G. Neglia and J. Kurose and D. Towsley},
  title =	 {On the Benefits of Random Linear Coding for Unicast
                  Applications in Distruption Tolerant Networks},
  booktitle =	 {Proc. of WiOpt},
  pages =	 {1--7},
  year =	 2006,
}

@misc{ncid,
  author = {{A. Caro and J. Zinky}}, 
  title  =  {{DTN} Erasure Coding Protocol (Preliminary Notes)},
  howpublished = {To appear as Internet Draft}
}

@article{hahn10:using,
 author = {Hahn, Dongwoon and Lee, Ginnah and Walker, Brenton and Beecher, Matt and Mundur, Padma},
 title = {Using virtualization and live migration in a scalable mobile wireless testbed},
 journal = {SIGMETRICS Perform. Eval. Rev.},
 issue_date = {December 2010},
 volume = {38},
 issue = {3},
 month = {January},
 year = {2011},
 pages = {21--25},
}

@Misc{pharos,
  key = 	 {pharos},
  howpublished = {\url{http://mpc.ece.utexas.edu/pharos}},
}

@Misc{proteus,
  key = 	 {proteus},
  howpublished = {\url{http://proteus.ece.utexas.edu}},
}

@inproceedings{kim11:reality,
  author    = {Youngil Kim and Keith Taylor and Carson Dunbar and Brenton Walker and Padma Mundur},
  title     = {Reality vs Emulation: Running Real Mobility Traces on a Mobile Wireless Testbed},
  booktitle = {HotPlanet 2011 (to appear)},
  year      = {2011}
}

@inproceedings{Vellambi:Reliable07,
 author = {Vellambi, Badri N. and Subramanian, Ramanan and Fekri, Faramarz and Ammar, Mostafa},
 title = {Reliable and efficient message delivery in delay tolerant networks using rateless codes},
 booktitle = {Proc. of MobiOpp},
 year = {2007},
 keywords = {Poisson process, delay tolerant networks, rateless codes},
} 

@INPROCEEDINGS{Altman:Dynamic10,
author={Altman, E. and De Pellegrini, F. and Sassatelli, L.},
title={Dynamic control of Coding in Delay Tolerant Networks},
booktitle={Proc. of Infocom}, 
year={2010},
keywords={Reed-Solomon type codes;coding dynamic control;delay tolerant networks;network coding;network performance;replication mechanisms;routing;successful delivery;time limit;Reed-Solomon codes;delays;mobile communication;network coding;telecommunication network routing;},
}


@InProceedings{spyropoulos07:spray,
  author =       {T. Spyropoulos and K. Psounis and C. Raghavendra},
  title =        {Spray and Focus: Efficient Mobility-Assisted Routing for
                  Heterogeneous and Correlated Mobility},
  booktitle =    {Proc. of Percom Workshops},
  pages =        {79--85},
  year =         {2007},
}

@InProceedings{burns05:mv,
  author =       {B. Burns and O. Brock and B. N. Levine},
  title =        {{MV} Routing and Capacity Building in Disruption Tolerant
                  Networks},
  booktitle =    {Proc. of Infocom},
  pages =        {398--408},
  year =         {2005},
}

@Article{costa08:socially,
  author =       {P. Costa and C. Mascolo and M. Musolesi and G.P. Picco},
  title =        {Socially-Aware Routing for Publish-Subscribe in 
                  Delay-Tolerant Mobile Ad Hoc Networks},
  journal =      {IEEE J. on Sel. Areas in Comm.},
  year =         {2008},
  volume =       {26},
  number =       {5},
  pages =        {748--760},
  month =        {June},
}

@InProceedings{leguay06:evaluating,
  author =       {J. Leguay and T. Friedman and V. Conan},
  title =        {Evaluating Mobility Pattern Space Routing for {DTN}s},
  booktitle =    {Proc. of Infocom},
  pages =        {1--10},
  year =         {2006},
}

@InProceedings{wang06:dftmsn,
  author =       {Y. Wang and H. Wu},
  title =        {{DFT-MSN}: The Delay/Fault-Tolerant Mobile Sensor Network for
                  Pervasive Information Gathering},
  booktitle =    {Proc. of Infocom},
  pages =        {1--12},
  year =         {2006},
}

@Article{musolesi09:car,
  author = 	 {M. Musolesi and C. Mascolo},
  title = 	 {{CAR}: Context-Aware Adaptive Routing for Delay-Tolerant Mobile Networks},
  journal = 	 {IEEE Trans. on Mobile Computing},
  year = 	 {2009},
  volume = 	 {8},
  number = 	 {2},
  pages = 	 {246--260},
  month = 	 {Feb.},
}


@Article{boldrini10:context,
  author = 	 {C. Boldrini and M. Conti and F. Delmastro and A. Passarella},
  title = 	 {Context- and Social-Aware Middleware for Opportunistic Networks},
  journal = 	 {J. of Network and Computer Applications},
  year = 	 {2010},
  volume = 	 {33},
  number = 	 {5},
  pages = 	 {525--541},
  month = 	 {Sept.},
}

@InProceedings{peoples10:operational,
  author = 	 {C. Peoples and G. Parr and B. Scotney and A. Moore},
  title = 	 {Operational Performance of the Context-Aware Broker ({CAB}): A Communication and Management System for Delay-Tolerant Networks ({DTNs})},
  booktitle =    {Proc. of SPACOMM},
  pages = 	 {128--133},
  year = 	 {2010},
  month = 	 {June},
}

@InProceedings{petz11:network,
 author = {A. Petz and C.-L. Fok and C. Julien and B. Walker and C. Ardi},
 title = {Network Coded Routing in Delay Tolerant Networks: An Experience Report},
 booktitle = {Proc. of ExtremeCom},
 year = {2011},
 }

@InProceedings{julien11:context,
 author = {C. Julien},
 title = {The Context of Coordinating Groups in Dynamic Mobile Environments},
 booktitle = {Proc. of Coordination},
 year = {2011},
 month = {June},
 pages = {49--64},
 }

@InProceedings{petz:passive,
 author = {Agoston Petz and Taesoo Jun and Nirmalya Roy and Chien-Liang Fok and Christine Julien},
 title = {Passive Network-Awareness for Dynamic Resource-Constrained Networks},
 institution = {The Center for Advanced Research in Software Engineering, The University of Texas at Austin},
 booktitle = {Proc. of DAIS},
 year = {2011},
 }

